@article{berry1985classical,
  title={Classical adiabatic angles and quantal adiabatic phase},
  author={Berry, MV},
  journal={Journal of physics A: Mathematical and general},
  volume={18},
  number={1},
  pages={15},
  year={1985},
  publisher={IOP Publishing}
}

@article{pancharatnam1956generalized,
	title={Generalized theory of interference and its applications},
	author={Pancharatnam, Shivaramakrishnan},
	booktitle={Proceedings of the Indian Academy of Sciences-Section A},
	volume={44},
	number={6},
	pages={398--417},
	year={1956},
	organization={Springer}
}

@article{mukunda1993quantum,
	title={Quantum kinematic approach to the geometric phase. I. General formalism},
	author={Mukunda, N and Simon, R},
	journal={Annals of Physics},
	volume={228},
	number={2},
	pages={205--268},
	year={1993},
	publisher={Elsevier}
}

@article{aharonov1959significance,
	title={Significance of electromagnetic potentials in the quantum theory},
	author={Aharonov, Yakir and Bohm, David},
	journal={Physical Review},
	volume={115},
	number={3},
	pages={485},
	year={1959},
	publisher={APS}
}

@article{samuel1988general,
	title={General setting for Berry's phase},
	author={Samuel, Joseph and Bhandari, Rajendra},
	journal={Physical Review Letters},
	volume={60},
	number={23},
	pages={2339},
	year={1988},
	publisher={APS}
}

@article{aharonov1987phase,
	title={Phase change during a cyclic quantum evolution},
	author={Aharonov, Yakir and Anandan, J},
	journal={Physical Review Letters},
	volume={58},
	number={16},
	pages={1593},
	year={1987},
	publisher={APS}
}

@article{born1928m,
	title={M. Born and V. Fock, Z. Phys. 51, 165 (1928).},
	author={Born, M},
	journal={Z. Phys.},
	volume={51},
	pages={165},
	year={1928}
}
